@article{leyton2008essentials,
  title={Essentials of game theory: A concise multidisciplinary introduction},
  author={Leyton-Brown, Kevin and Shoham, Yoav},
  journal={Synthesis lectures on artificial intelligence and machine learning},
  volume={2},
  number={1},
  pages={1--88},
  year={2008},
  publisher={Morgan \& Claypool Publishers}
}

@article{myers2020double,
  title={Double Categories of Open Dynamical Systems},
  author={Myers, David Jaz},
  journal={arXiv preprint arXiv:2005.05956},
  year={2020}
}

@book{watson2002strategy,
  title={Strategy: an introduction to game theory},
  author={Watson, Joel},
  volume={139},
  year={2002},
  publisher={WW Norton New York}
}

@inproceedings{fong2019backprop,
  title={Backprop as Functor: A compositional perspective on supervised learning},
  author={Fong, Brendan and Spivak, David and Tuy{\'e}ras, R{\'e}my},
  booktitle={2019 34th Annual ACM/IEEE Symposium on Logic in Computer Science (LICS)},
  pages={1--13},
  year={2019},
  organization={IEEE}
}

@inproceedings{ghani2018compositional,
  title={Compositional game theory},
  author={Ghani, Neil and Hedges, Jules and Winschel, Viktor and Zahn, Philipp},
  booktitle={Proceedings of the 33rd Annual ACM/IEEE Symposium on Logic in Computer Science},
  pages={472--481},
  year={2018}
}

@article{cruttwell2021categorical,
  title={Categorical Foundations of Gradient-Based Learning},
  author={Cruttwell, G.S.H. and Gavranovi{\'c}, Bruno and Ghani, Neil and Wilson, Paul and Zanasi, Fabio},
  journal={arXiv preprint arXiv:2103.01931},
  year={2021}
}
